@online{chromiumKioskMode,
  author  = {Sylvain Durand},
  title   = {Launch Chromium in kiosk mode},
  year    = 2018,
  url     = {https://sylvaindurand.org/launch-chromium-in-kiosk-mode/},
  urldate = {2021-03-11}
}

@online{usbGadgetDocumentation,
  author  = {David Brownell},
  title   = {USB Gadget API for Linux},
  year    = 2004,
  url     = {https://www.kernel.org/doc/html/v4.13/driver-api/usb/gadget.html},
  urldate = {2021-03-13}
}

@online{raspberryPiGadgetSetup,
  author  = {IxDLAB},
  title   = {Setting-Up Raspberry Pi for MIDI},
  url     = {https://www.raspberrypi.org/forums/viewtopic.php?t=245810},
  urldate = {2021-03-13}
}
